<record><leader>00000cas a2200000 a 4500</leader><controlfield tag="001">11946615</controlfield><controlfield tag="008">850422d19421978ksuwr ne      0    0eng d</controlfield><datafield ind1=" " ind2=" " tag="010"><subfield code="a">sn 85029973 </subfield></datafield><datafield ind1=" " ind2=" " tag="040"><subfield code="a">KSH</subfield><subfield code="b">eng</subfield><subfield code="c">KSH</subfield><subfield code="d">NPT</subfield><subfield code="d">OCL</subfield><subfield code="d">OCLCQ</subfield></datafield><datafield ind1=" " ind2=" " tag="042"><subfield code="a">msc</subfield></datafield><datafield ind1="0" ind2="0" tag="245"><subfield code="a">Johnson county herald.</subfield></datafield><datafield ind1=" " ind2=" " tag="260"><subfield code="a">Overland Park, Kan. :</subfield><subfield code="b">Loyd Neff,</subfield><subfield code="c">1942-1978.</subfield></datafield><datafield ind1=" " ind2=" " tag="300"><subfield code="a">26 v. :</subfield><subfield code="b">ill. ;</subfield><subfield code="c">43-58 cm.</subfield></datafield><datafield ind1=" " ind2=" " tag="310"><subfield code="a">Weekly,</subfield><subfield code="b">Sept. 6, 1967-Mar. 8, 1978</subfield></datafield><datafield ind1=" " ind2=" " tag="321"><subfield code="a">Weekly,</subfield><subfield code="b">July 9, 1942-Sept. 27, 1962</subfield></datafield><datafield ind1=" " ind2=" " tag="321"><subfield code="a">Semiweekly,</subfield><subfield code="b">Oct. 1, 1962-Aug. 31, 1967</subfield></datafield><datafield ind1="0" ind2=" " tag="362"><subfield code="a">Vol. 13, no. 8 (July 9, 1942)-v. 54, no. 34 (Mar. 8, 1978).</subfield></datafield><datafield ind1=" " ind2=" " tag="500"><subfield code="a">Published at Shawnee, Kan., July 13, 1961-Mar. 8, 1978.</subfield></datafield><datafield ind1=" " ind2=" " tag="500"><subfield code="a">Publisher varies.</subfield></datafield><datafield ind1=" " ind2=" " tag="515"><subfield code="a">Numbering is irregular.</subfield></datafield><datafield ind1=" " ind2=" " tag="525"><subfield code="a">Includes supplements.</subfield></datafield><datafield ind1=" " ind2=" " tag="752"><subfield code="a">United States</subfield><subfield code="b">Kansas</subfield><subfield code="c">Johnson</subfield><subfield code="d">Overland Park.</subfield></datafield><datafield ind1=" " ind2=" " tag="752"><subfield code="a">United States</subfield><subfield code="b">Kansas</subfield><subfield code="c">Johnson</subfield><subfield code="d">Shawnee.</subfield></datafield><datafield ind1="0" ind2="0" tag="780"><subfield code="t">Northeast Johnson County herald</subfield><subfield code="w">(DLC)sn 85029972</subfield></datafield><datafield ind1="0" ind2="0" tag="785"><subfield code="t">Shawnee journal-herald</subfield><subfield code="w">(DLC)sn 85029979</subfield></datafield></record>